%YAML 1.1
%TAG !u! tag:unity3d.com,2011:
--- !u!29 &1
OcclusionCullingSettings:
  m_ObjectHideFlags: 0
  serializedVersion: 2
  m_OcclusionBakeSettings:
    smallestOccluder: 1
    smallestHole: 0.5
    backfaceThreshold: 100
  m_SceneGUID: 8a247ef7ee5ac2a49bd6dd079791cba7
  m_OcclusionCullingData: {fileID: 36300000, guid: c0bca36df8499104c9ec6e1c98455855,
    type: 2}
--- !u!104 &2
RenderSettings:
  m_ObjectHideFlags: 0
  serializedVersion: 9
  m_Fog: 0
  m_FogColor: {r: 0.5, g: 0.5, b: 0.5, a: 1}
  m_FogMode: 3
  m_FogDensity: 0.01
  m_LinearFogStart: 0
  m_LinearFogEnd: 300
  m_AmbientSkyColor: {r: 0, g: 0, b: 0, a: 1}
  m_AmbientEquatorColor: {r: 0.38710225, g: 0.38710225, b: 0.38710225, a: 1}
  m_AmbientGroundColor: {r: 0.047, g: 0.043, b: 0.035, a: 1}
  m_AmbientIntensity: 1
  m_AmbientMode: 1
  m_SubtractiveShadowColor: {r: 0.42, g: 0.478, b: 0.627, a: 1}
  m_SkyboxMaterial: {fileID: 10304, guid: 0000000000000000f000000000000000, type: 0}
  m_HaloStrength: 0.5
  m_FlareStrength: 1
  m_FlareFadeSpeed: 4
  m_HaloTexture: {fileID: 0}
  m_SpotCookie: {fileID: 10001, guid: 0000000000000000e000000000000000, type: 0}
  m_DefaultReflectionMode: 0
  m_DefaultReflectionResolution: 128
  m_ReflectionBounces: 1
  m_ReflectionIntensity: 1
  m_CustomReflection: {fileID: 0}
  m_Sun: {fileID: 0}
  m_IndirectSpecularColor: {r: 0.37311953, g: 0.38074014, b: 0.3587274, a: 1}
  m_UseRadianceAmbientProbe: 0
--- !u!157 &3
LightmapSettings:
  m_ObjectHideFlags: 0
  serializedVersion: 11
  m_GIWorkflowMode: 1
  m_GISettings:
    serializedVersion: 2
    m_BounceScale: 1
    m_IndirectOutputScale: 5
    m_AlbedoBoost: 1.45
    m_EnvironmentLightingMode: 0
    m_EnableBakedLightmaps: 1
    m_EnableRealtimeLightmaps: 0
  m_LightmapEditorSettings:
    serializedVersion: 12
    m_Resolution: 0.5
    m_BakeResolution: 15
    m_AtlasSize: 2048
    m_AO: 1
    m_AOMaxDistance: 0.4
    m_CompAOExponent: 2
    m_CompAOExponentDirect: 1
    m_ExtractAmbientOcclusion: 0
    m_Padding: 2
    m_LightmapParameters: {fileID: 15200, guid: 0000000000000000f000000000000000,
      type: 0}
    m_LightmapsBakeMode: 1
    m_TextureCompression: 0
    m_FinalGather: 0
    m_FinalGatherFiltering: 1
    m_FinalGatherRayCount: 256
    m_ReflectionCompression: 2
    m_MixedBakeMode: 2
    m_BakeBackend: 0
    m_PVRSampling: 1
    m_PVRDirectSampleCount: 64
    m_PVRSampleCount: 1024
    m_PVRBounces: 4
    m_PVREnvironmentSampleCount: 4096
    m_PVREnvironmentReferencePointCount: 2048
    m_PVRFilteringMode: 1
    m_PVRDenoiserTypeDirect: 0
    m_PVRDenoiserTypeIndirect: 0
    m_PVRDenoiserTypeAO: 0
    m_PVRFilterTypeDirect: 0
    m_PVRFilterTypeIndirect: 0
    m_PVRFilterTypeAO: 0
    m_PVREnvironmentMIS: 0
    m_PVRCulling: 0
    m_PVRFilteringGaussRadiusDirect: 1
    m_PVRFilteringGaussRadiusIndirect: 5
    m_PVRFilteringGaussRadiusAO: 2
    m_PVRFilteringAtrousPositionSigmaDirect: 0.5
    m_PVRFilteringAtrousPositionSigmaIndirect: 2
    m_PVRFilteringAtrousPositionSigmaAO: 1
    m_ExportTrainingData: 0
    m_TrainingDataDestination: TrainingData
    m_LightProbeSampleCountMultiplier: 4
  m_LightingDataAsset: {fileID: 112000000, guid: da0131ee2864e6c4f8c90a0ba0e9ad5e,
    type: 2}
  m_UseShadowmask: 1
--- !u!196 &4
NavMeshSettings:
  serializedVersion: 2
  m_ObjectHideFlags: 0
  m_BuildSettings:
    serializedVersion: 2
    agentTypeID: 0
    agentRadius: 0.5
    agentHeight: 2
    agentSlope: 45
    agentClimb: 0.4
    ledgeDropHeight: 0
    maxJumpAcrossDistance: 0
    minRegionArea: 2
    manualCellSize: 0
    cellSize: 0.16666667
    manualTileSize: 0
    tileSize: 256
    accuratePlacement: 0
    debug:
      m_Flags: 0
  m_NavMeshData: {fileID: 0}
--- !u!1 &266107570
GameObject:
  m_ObjectHideFlags: 0
  m_CorrespondingSourceObject: {fileID: 0}
  m_PrefabInstance: {fileID: 0}
  m_PrefabAsset: {fileID: 0}
  serializedVersion: 6
  m_Component:
  - component: {fileID: 266107573}
  - component: {fileID: 266107572}
  - component: {fileID: 266107571}
  m_Layer: 0
  m_Name: Camera
  m_TagString: Untagged
  m_Icon: {fileID: 0}
  m_NavMeshLayer: 0
  m_StaticEditorFlags: 0
  m_IsActive: 1
--- !u!81 &266107571
AudioListener:
  m_ObjectHideFlags: 0
  m_CorrespondingSourceObject: {fileID: 0}
  m_PrefabInstance: {fileID: 0}
  m_PrefabAsset: {fileID: 0}
  m_GameObject: {fileID: 266107570}
  m_Enabled: 1
--- !u!20 &266107572
Camera:
  m_ObjectHideFlags: 0
  m_CorrespondingSourceObject: {fileID: 0}
  m_PrefabInstance: {fileID: 0}
  m_PrefabAsset: {fileID: 0}
  m_GameObject: {fileID: 266107570}
  m_Enabled: 1
  serializedVersion: 2
  m_ClearFlags: 1
  m_BackGroundColor: {r: 0.19215687, g: 0.3019608, b: 0.4745098, a: 0}
  m_projectionMatrixMode: 1
  m_GateFitMode: 2
  m_FOVAxisMode: 0
  m_SensorSize: {x: 36, y: 24}
  m_LensShift: {x: 0, y: 0}
  m_FocalLength: 50
  m_NormalizedViewPortRect:
    serializedVersion: 2
    x: 0
    y: 0
    width: 1
    height: 1
  near clip plane: 0.3
  far clip plane: 1000
  field of view: 60
  orthographic: 0
  orthographic size: 5
  m_Depth: 0
  m_CullingMask:
    serializedVersion: 2
    m_Bits: 4294967295
  m_RenderingPath: -1
  m_TargetTexture: {fileID: 0}
  m_TargetDisplay: 0
  m_TargetEye: 3
  m_HDR: 1
  m_AllowMSAA: 1
  m_AllowDynamicResolution: 0
  m_ForceIntoRT: 0
  m_OcclusionCulling: 1
  m_StereoConvergence: 10
  m_StereoSeparation: 0.022
--- !u!4 &266107573
Transform:
  m_ObjectHideFlags: 0
  m_CorrespondingSourceObject: {fileID: 0}
  m_PrefabInstance: {fileID: 0}
  m_PrefabAsset: {fileID: 0}
  m_GameObject: {fileID: 266107570}
  m_LocalRotation: {x: 0, y: 0, z: 0, w: 1}
  m_LocalPosition: {x: -1, y: 8, z: -72}
  m_LocalScale: {x: 1, y: 1, z: 1}
  m_Children: []
  m_Father: {fileID: 0}
  m_RootOrder: 2
  m_LocalEulerAnglesHint: {x: 0, y: 0, z: 0}
--- !u!1 &610568841
GameObject:
  m_ObjectHideFlags: 0
  m_CorrespondingSourceObject: {fileID: 0}
  m_PrefabInstance: {fileID: 0}
  m_PrefabAsset: {fileID: 0}
  serializedVersion: 6
  m_Component:
  - component: {fileID: 610568843}
  - component: {fileID: 610568842}
  m_Layer: 0
  m_Name: Light Probe Group
  m_TagString: Untagged
  m_Icon: {fileID: 0}
  m_NavMeshLayer: 0
  m_StaticEditorFlags: 0
  m_IsActive: 1
--- !u!220 &610568842
LightProbeGroup:
  m_ObjectHideFlags: 0
  m_CorrespondingSourceObject: {fileID: 0}
  m_PrefabInstance: {fileID: 0}
  m_PrefabAsset: {fileID: 0}
  m_GameObject: {fileID: 610568841}
  m_Enabled: 1
  m_SourcePositions:
  - {x: 21.333336, y: 6.524064, z: 1}
  - {x: 21.333336, y: 6.524064, z: -19.140034}
  - {x: 21.333336, y: 6.524064, z: -25.557283}
  - {x: 21.333336, y: 6.524064, z: -5.3130946}
  - {x: 21.333336, y: 6.524064, z: -1.1576586}
  - {x: 21.333336, y: 6.524064, z: -3.1897025}
  - {x: 21.333336, y: 6.524064, z: -11.377206}
  - {x: 21.333336, y: 6.524064, z: -7.22177}
  - {x: 21.333336, y: 6.524064, z: -9.253814}
  - {x: 21.333336, y: 6.524064, z: -17.315012}
  - {x: 21.333336, y: 6.524064, z: -13.159576}
  - {x: 21.333336, y: 6.524064, z: -15.19162}
  - {x: 21.333336, y: 6.524064, z: -23.29547}
  - {x: 21.333336, y: 6.524064, z: -21.172077}
  - {x: 19.217388, y: 6.524064, z: 1}
  - {x: -1.3419069, y: 6.524064, z: 1}
  - {x: 19.217388, y: 6.524064, z: -19.140034}
  - {x: -1.3419069, y: 6.524064, z: -19.140034}
  - {x: 19.217388, y: 6.524064, z: -25.557283}
  - {x: -1.3419069, y: 6.524064, z: -25.557283}
  - {x: 19.217388, y: 6.524064, z: -5.3130946}
  - {x: -1.3419069, y: 6.524064, z: -5.3130946}
  - {x: 19.217388, y: 6.524064, z: -1.1576586}
  - {x: -1.3419069, y: 6.524064, z: -1.1576586}
  - {x: 19.217388, y: 6.524064, z: -3.1897025}
  - {x: -1.3419069, y: 6.524064, z: -3.1897025}
  - {x: 19.217388, y: 6.524064, z: -11.377206}
  - {x: -1.3419069, y: 6.524064, z: -11.377206}
  - {x: 19.217388, y: 6.524064, z: -7.22177}
  - {x: -1.3419069, y: 6.524064, z: -7.22177}
  - {x: 19.217388, y: 6.524064, z: -9.253814}
  - {x: -1.3419069, y: 6.524064, z: -9.253814}
  - {x: 19.217388, y: 6.524064, z: -17.315012}
  - {x: -1.3419069, y: 6.524064, z: -17.315012}
  - {x: 19.217388, y: 6.524064, z: -13.159576}
  - {x: -1.3419069, y: 6.524064, z: -13.159576}
  - {x: 19.217388, y: 6.524064, z: -15.19162}
  - {x: -1.3419069, y: 6.524064, z: -15.19162}
  - {x: 19.217388, y: 6.524064, z: -23.29547}
  - {x: -1.3419069, y: 6.524064, z: -23.29547}
  - {x: 19.217388, y: 6.524064, z: -21.172077}
  - {x: -1.3419069, y: 6.524064, z: -21.172077}
  - {x: 17.32189, y: 6.524064, z: 1}
  - {x: 15.32189, y: 6.524064, z: 1}
  - {x: 17.32189, y: 6.524064, z: -19.140034}
  - {x: 15.32189, y: 6.524064, z: -19.140034}
  - {x: 17.32189, y: 6.524064, z: -25.557283}
  - {x: 15.32189, y: 6.524064, z: -25.557283}
  - {x: 17.32189, y: 6.524064, z: -5.3130946}
  - {x: 15.32189, y: 6.524064, z: -5.3130946}
  - {x: 17.32189, y: 6.524064, z: -1.1576586}
  - {x: 15.32189, y: 6.524064, z: -1.1576586}
  - {x: 17.32189, y: 6.524064, z: -3.1897025}
  - {x: 15.32189, y: 6.524064, z: -3.1897025}
  - {x: 17.32189, y: 6.524064, z: -11.377206}
  - {x: 15.32189, y: 6.524064, z: -11.377206}
  - {x: 17.32189, y: 6.524064, z: -7.22177}
  - {x: 15.32189, y: 6.524064, z: -7.22177}
  - {x: 17.32189, y: 6.524064, z: -9.253814}
  - {x: 15.32189, y: 6.524064, z: -9.253814}
  - {x: 17.32189, y: 6.524064, z: -17.315012}
  - {x: 15.32189, y: 6.524064, z: -17.315012}
  - {x: 17.32189, y: 6.524064, z: -13.159576}
  - {x: 15.32189, y: 6.524064, z: -13.159576}
  - {x: 17.32189, y: 6.524064, z: -15.19162}
  - {x: 15.32189, y: 6.524064, z: -15.19162}
  - {x: 17.32189, y: 6.524064, z: -23.29547}
  - {x: 15.32189, y: 6.524064, z: -23.29547}
  - {x: 17.32189, y: 6.524064, z: -21.172077}
  - {x: 15.32189, y: 6.524064, z: -21.172077}
  - {x: 13.205941, y: 9.989789, z: 1}
  - {x: 13.205941, y: 6.524064, z: 1}
  - {x: 13.205941, y: 9.989789, z: -19.140034}
  - {x: 13.205941, y: 6.524064, z: -19.140034}
  - {x: 13.205941, y: 9.989789, z: -25.557283}
  - {x: 13.205941, y: 6.524064, z: -25.557283}
  - {x: 13.205941, y: 9.989789, z: -5.3130946}
  - {x: 13.205941, y: 6.524064, z: -5.3130946}
  - {x: 13.205941, y: 9.989789, z: -1.1576586}
  - {x: 13.205941, y: 6.524064, z: -1.1576586}
  - {x: 13.205941, y: 9.989789, z: -3.1897025}
  - {x: 13.205941, y: 6.524064, z: -3.1897025}
  - {x: 13.205941, y: 9.989789, z: -11.377206}
  - {x: 13.205941, y: 6.524064, z: -11.377206}
  - {x: 13.205941, y: 9.989789, z: -7.22177}
  - {x: 13.205941, y: 6.524064, z: -7.22177}
  - {x: 13.205941, y: 9.989789, z: -9.253814}
  - {x: 13.205941, y: 6.524064, z: -9.253814}
  - {x: 13.205941, y: 9.989789, z: -17.315012}
  - {x: 13.205941, y: 6.524064, z: -17.315012}
  - {x: 13.205941, y: 9.989789, z: -13.159576}
  - {x: 13.205941, y: 6.524064, z: -13.159576}
  - {x: 13.205941, y: 9.989789, z: -15.19162}
  - {x: 13.205941, y: 6.524064, z: -15.19162}
  - {x: 13.205941, y: 9.989789, z: -23.29547}
  - {x: 13.205941, y: 6.524064, z: -23.29547}
  - {x: 13.205941, y: 9.989789, z: -21.172077}
  - {x: 13.205941, y: 6.524064, z: -21.172077}
  - {x: 11.127395, y: 9.989789, z: 1}
  - {x: 11.127395, y: 6.524064, z: 1}
  - {x: 9.127395, y: 9.989789, z: 1}
  - {x: 9.127395, y: 6.524064, z: 1}
  - {x: 11.127395, y: 9.989789, z: -19.140034}
  - {x: 11.127395, y: 6.524064, z: -19.140034}
  - {x: 9.127395, y: 9.989789, z: -19.140034}
  - {x: 9.127395, y: 6.524064, z: -19.140034}
  - {x: 11.127395, y: 9.989789, z: -25.557283}
  - {x: 11.127395, y: 6.524064, z: -25.557283}
  - {x: 9.127395, y: 9.989789, z: -25.557283}
  - {x: 9.127395, y: 6.524064, z: -25.557283}
  - {x: 11.127395, y: 9.989789, z: -5.3130946}
  - {x: 11.127395, y: 6.524064, z: -5.3130946}
  - {x: 9.127395, y: 9.989789, z: -5.3130946}
  - {x: 9.127395, y: 6.524064, z: -5.3130946}
  - {x: 11.127395, y: 9.989789, z: -1.1576586}
  - {x: 11.127395, y: 6.524064, z: -1.1576586}
  - {x: 9.127395, y: 9.989789, z: -1.1576586}
  - {x: 9.127395, y: 6.524064, z: -1.1576586}
  - {x: 11.127395, y: 9.989789, z: -3.1897025}
  - {x: 11.127395, y: 6.524064, z: -3.1897025}
  - {x: 9.127395, y: 9.989789, z: -3.1897025}
  - {x: 9.127395, y: 6.524064, z: -3.1897025}
  - {x: 11.127395, y: 9.989789, z: -11.377206}
  - {x: 11.127395, y: 6.524064, z: -11.377206}
  - {x: 9.127395, y: 9.989789, z: -11.377206}
  - {x: 9.127395, y: 6.524064, z: -11.377206}
  - {x: 11.127395, y: 9.989789, z: -7.22177}
  - {x: 11.127395, y: 6.524064, z: -7.22177}
  - {x: 9.127395, y: 9.989789, z: -7.22177}
  - {x: 9.127395, y: 6.524064, z: -7.22177}
  - {x: 11.127395, y: 9.989789, z: -9.253814}
  - {x: 11.127395, y: 6.524064, z: -9.253814}
  - {x: 9.127395, y: 9.989789, z: -9.253814}
  - {x: 9.127395, y: 6.524064, z: -9.253814}
  - {x: 11.127395, y: 9.989789, z: -17.315012}
  - {x: 11.127395, y: 6.524064, z: -17.315012}
  - {x: 9.127395, y: 9.989789, z: -17.315012}
  - {x: 9.127395, y: 6.524064, z: -17.315012}
  - {x: 11.127395, y: 9.989789, z: -13.159576}
  - {x: 11.127395, y: 6.524064, z: -13.159576}
  - {x: 9.127395, y: 9.989789, z: -13.159576}
  - {x: 9.127395, y: 6.524064, z: -13.159576}
  - {x: 11.127395, y: 9.989789, z: -15.19162}
  - {x: 11.127395, y: 6.524064, z: -15.19162}
  - {x: 9.127395, y: 9.989789, z: -15.19162}
  - {x: 9.127395, y: 6.524064, z: -15.19162}
  - {x: 11.127395, y: 9.989789, z: -23.29547}
  - {x: 11.127395, y: 6.524064, z: -23.29547}
  - {x: 9.127395, y: 9.989789, z: -23.29547}
  - {x: 9.127395, y: 6.524064, z: -23.29547}
  - {x: 11.127395, y: 9.989789, z: -21.172077}
  - {x: 11.127395, y: 6.524064, z: -21.172077}
  - {x: 9.127395, y: 9.989789, z: -21.172077}
  - {x: 9.127395, y: 6.524064, z: -21.172077}
  - {x: 7.011446, y: 9.989789, z: 1}
  - {x: 7.011446, y: 6.524064, z: 1}
  - {x: 7.011446, y: 9.989789, z: -19.140034}
  - {x: 7.011446, y: 6.524064, z: -19.140034}
  - {x: 7.011446, y: 9.989789, z: -25.557283}
  - {x: 7.011446, y: 6.524064, z: -25.557283}
  - {x: 7.011446, y: 9.989789, z: -5.3130946}
  - {x: 7.011446, y: 6.524064, z: -5.3130946}
  - {x: 7.011446, y: 9.989789, z: -1.1576586}
  - {x: 7.011446, y: 6.524064, z: -1.1576586}
  - {x: 7.011446, y: 9.989789, z: -3.1897025}
  - {x: 7.011446, y: 6.524064, z: -3.1897025}
  - {x: 7.011446, y: 9.989789, z: -11.377206}
  - {x: 7.011446, y: 6.524064, z: -11.377206}
  - {x: 7.011446, y: 9.989789, z: -7.22177}
  - {x: 7.011446, y: 6.524064, z: -7.22177}
  - {x: 7.011446, y: 9.989789, z: -9.253814}
  - {x: 7.011446, y: 6.524064, z: -9.253814}
  - {x: 7.011446, y: 9.989789, z: -17.315012}
  - {x: 7.011446, y: 6.524064, z: -17.315012}
  - {x: 7.011446, y: 9.989789, z: -13.159576}
  - {x: 7.011446, y: 6.524064, z: -13.159576}
  - {x: 7.011446, y: 9.989789, z: -15.19162}
  - {x: 7.011446, y: 6.524064, z: -15.19162}
  - {x: 7.011446, y: 9.989789, z: -23.29547}
  - {x: 7.011446, y: 6.524064, z: -23.29547}
  - {x: 7.011446, y: 9.989789, z: -21.172077}
  - {x: 7.011446, y: 6.524064, z: -21.172077}
  - {x: 5.1159487, y: 6.524064, z: 1}
  - {x: 3.115949, y: 6.524064, z: 1}
  - {x: 5.1159487, y: 6.524064, z: -19.140034}
  - {x: 3.115949, y: 6.524064, z: -19.140034}
  - {x: 5.1159487, y: 6.524064, z: -25.557283}
  - {x: 3.115949, y: 6.524064, z: -25.557283}
  - {x: 5.1159487, y: 6.524064, z: -5.3130946}
  - {x: 3.115949, y: 6.524064, z: -5.3130946}
  - {x: 5.1159487, y: 6.524064, z: -1.1576586}
  - {x: 3.115949, y: 6.524064, z: -1.1576586}
  - {x: 5.1159487, y: 6.524064, z: -3.1897025}
  - {x: 3.115949, y: 6.524064, z: -3.1897025}
  - {x: 5.1159487, y: 6.524064, z: -11.377206}
  - {x: 3.115949, y: 6.524064, z: -11.377206}
  - {x: 5.1159487, y: 6.524064, z: -7.22177}
  - {x: 3.115949, y: 6.524064, z: -7.22177}
  - {x: 5.1159487, y: 6.524064, z: -9.253814}
  - {x: 3.115949, y: 6.524064, z: -9.253814}
  - {x: 5.1159487, y: 6.524064, z: -17.315012}
  - {x: 3.115949, y: 6.524064, z: -17.315012}
  - {x: 5.1159487, y: 6.524064, z: -13.159576}
  - {x: 3.115949, y: 6.524064, z: -13.159576}
  - {x: 5.1159487, y: 6.524064, z: -15.19162}
  - {x: 3.115949, y: 6.524064, z: -15.19162}
  - {x: 5.1159487, y: 6.524064, z: -23.29547}
  - {x: 3.115949, y: 6.524064, z: -23.29547}
  - {x: 5.1159487, y: 6.524064, z: -21.172077}
  - {x: 3.115949, y: 6.524064, z: -21.172077}
  - {x: 1, y: 6.524064, z: 1}
  - {x: 1, y: 6.524064, z: -19.140034}
  - {x: 1, y: 6.524064, z: -25.557283}
  - {x: 1, y: 6.524064, z: -5.3130946}
  - {x: 1, y: 6.524064, z: -1.1576586}
  - {x: 1, y: 6.524064, z: -3.1897025}
  - {x: 1, y: 6.524064, z: -11.377206}
  - {x: 1, y: 6.524064, z: -7.22177}
  - {x: 1, y: 6.524064, z: -9.253814}
  - {x: 1, y: 6.524064, z: -17.315012}
  - {x: 1, y: 6.524064, z: -13.159576}
  - {x: 1, y: 6.524064, z: -15.19162}
  - {x: 1, y: 6.524064, z: -23.29547}
  - {x: 1, y: 6.524064, z: -21.172077}
  - {x: 21.333336, y: 1, z: 1}
  - {x: 21.333336, y: -1, z: 1}
  - {x: 21.333336, y: 1, z: -19.140034}
  - {x: 21.333336, y: -1, z: -19.140034}
  - {x: 21.333336, y: 1, z: -25.557283}
  - {x: 21.333336, y: -1, z: -25.557283}
  - {x: 21.333336, y: 1, z: -5.3130946}
  - {x: 21.333336, y: -1, z: -5.3130946}
  - {x: 21.333336, y: 1, z: -1.1576586}
  - {x: 21.333336, y: -1, z: -1.1576586}
  - {x: 21.333336, y: 1, z: -3.1897025}
  - {x: 21.333336, y: -1, z: -3.1897025}
  - {x: 21.333336, y: 1, z: -11.377206}
  - {x: 21.333336, y: -1, z: -11.377206}
  - {x: 21.333336, y: 1, z: -7.22177}
  - {x: 21.333336, y: -1, z: -7.22177}
  - {x: 21.333336, y: 1, z: -9.253814}
  - {x: 21.333336, y: -1, z: -9.253814}
  - {x: 21.333336, y: 1, z: -17.315012}
  - {x: 21.333336, y: -1, z: -17.315012}
  - {x: 21.333336, y: 1, z: -13.159576}
  - {x: 21.333336, y: -1, z: -13.159576}
  - {x: 21.333336, y: 1, z: -15.19162}
  - {x: 21.333336, y: -1, z: -15.19162}
  - {x: 21.333336, y: 1, z: -23.29547}
  - {x: 21.333336, y: -1, z: -23.29547}
  - {x: 21.333336, y: 1, z: -21.172077}
  - {x: 21.333336, y: -1, z: -21.172077}
  - {x: 19.217388, y: 1, z: 1}
  - {x: 19.217388, y: -1, z: 1}
  - {x: -1.3419069, y: 1, z: 1}
  - {x: -1.3419069, y: -1, z: 1}
  - {x: 19.217388, y: 1, z: -19.140034}
  - {x: 19.217388, y: -1, z: -19.140034}
  - {x: -1.3419069, y: 1, z: -19.140034}
  - {x: -1.3419069, y: -1, z: -19.140034}
  - {x: 19.217388, y: 1, z: -25.557283}
  - {x: 19.217388, y: -1, z: -25.557283}
  - {x: -1.3419069, y: 1, z: -25.557283}
  - {x: -1.3419069, y: -1, z: -25.557283}
  - {x: 19.217388, y: 1, z: -5.3130946}
  - {x: 19.217388, y: -1, z: -5.3130946}
  - {x: -1.3419069, y: 1, z: -5.3130946}
  - {x: -1.3419069, y: -1, z: -5.3130946}
  - {x: 19.217388, y: 1, z: -1.1576586}
  - {x: 19.217388, y: -1, z: -1.1576586}
  - {x: -1.3419069, y: 1, z: -1.1576586}
  - {x: -1.3419069, y: -1, z: -1.1576586}
  - {x: 19.217388, y: 1, z: -3.1897025}
  - {x: 19.217388, y: -1, z: -3.1897025}
  - {x: -1.3419069, y: 1, z: -3.1897025}
  - {x: -1.3419069, y: -1, z: -3.1897025}
  - {x: 19.217388, y: 1, z: -11.377206}
  - {x: 19.217388, y: -1, z: -11.377206}
  - {x: -1.3419069, y: 1, z: -11.377206}
  - {x: -1.3419069, y: -1, z: -11.377206}
  - {x: 19.217388, y: 1, z: -7.22177}
  - {x: 19.217388, y: -1, z: -7.22177}
  - {x: -1.3419069, y: 1, z: -7.22177}
  - {x: -1.3419069, y: -1, z: -7.22177}
  - {x: 19.217388, y: 1, z: -9.253814}
  - {x: 19.217388, y: -1, z: -9.253814}
  - {x: -1.3419069, y: 1, z: -9.253814}
  - {x: -1.3419069, y: -1, z: -9.253814}
  - {x: 19.217388, y: 1, z: -17.315012}
  - {x: 19.217388, y: -1, z: -17.315012}
  - {x: -1.3419069, y: 1, z: -17.315012}
  - {x: -1.3419069, y: -1, z: -17.315012}
  - {x: 19.217388, y: 1, z: -13.159576}
  - {x: 19.217388, y: -1, z: -13.159576}
  - {x: -1.3419069, y: 1, z: -13.159576}
  - {x: -1.3419069, y: -1, z: -13.159576}
  - {x: 19.217388, y: 1, z: -15.19162}
  - {x: 19.217388, y: -1, z: -15.19162}
  - {x: -1.3419069, y: 1, z: -15.19162}
  - {x: -1.3419069, y: -1, z: -15.19162}
  - {x: 19.217388, y: 1, z: -23.29547}
  - {x: 19.217388, y: -1, z: -23.29547}
  - {x: -1.3419069, y: 1, z: -23.29547}
  - {x: -1.3419069, y: -1, z: -23.29547}
  - {x: 19.217388, y: 1, z: -21.172077}
  - {x: 19.217388, y: -1, z: -21.172077}
  - {x: -1.3419069, y: 1, z: -21.172077}
  - {x: -1.3419069, y: -1, z: -21.172077}
  - {x: 17.32189, y: 1, z: 1}
  - {x: 17.32189, y: -1, z: 1}
  - {x: 15.32189, y: 1, z: 1}
  - {x: 15.32189, y: -1, z: 1}
  - {x: 17.32189, y: 1, z: -19.140034}
  - {x: 17.32189, y: -1, z: -19.140034}
  - {x: 15.32189, y: 1, z: -19.140034}
  - {x: 15.32189, y: -1, z: -19.140034}
  - {x: 17.32189, y: 1, z: -25.557283}
  - {x: 17.32189, y: -1, z: -25.557283}
  - {x: 15.32189, y: 1, z: -25.557283}
  - {x: 15.32189, y: -1, z: -25.557283}
  - {x: 17.32189, y: 1, z: -5.3130946}
  - {x: 17.32189, y: -1, z: -5.3130946}
  - {x: 15.32189, y: 1, z: -5.3130946}
  - {x: 15.32189, y: -1, z: -5.3130946}
  - {x: 17.32189, y: 1, z: -1.1576586}
  - {x: 17.32189, y: -1, z: -1.1576586}
  - {x: 15.32189, y: 1, z: -1.1576586}
  - {x: 15.32189, y: -1, z: -1.1576586}
  - {x: 17.32189, y: 1, z: -3.1897025}
  - {x: 17.32189, y: -1, z: -3.1897025}
  - {x: 15.32189, y: 1, z: -3.1897025}
  - {x: 15.32189, y: -1, z: -3.1897025}
  - {x: 17.32189, y: 1, z: -11.377206}
  - {x: 17.32189, y: -1, z: -11.377206}
  - {x: 15.32189, y: 1, z: -11.377206}
  - {x: 15.32189, y: -1, z: -11.377206}
  - {x: 17.32189, y: 1, z: -7.22177}
  - {x: 17.32189, y: -1, z: -7.22177}
  - {x: 15.32189, y: 1, z: -7.22177}
  - {x: 15.32189, y: -1, z: -7.22177}
  - {x: 17.32189, y: 1, z: -9.253814}
  - {x: 17.32189, y: -1, z: -9.253814}
  - {x: 15.32189, y: 1, z: -9.253814}
  - {x: 15.32189, y: -1, z: -9.253814}
  - {x: 17.32189, y: 1, z: -17.315012}
  - {x: 17.32189, y: -1, z: -17.315012}
  - {x: 15.32189, y: 1, z: -17.315012}
  - {x: 15.32189, y: -1, z: -17.315012}
  - {x: 17.32189, y: 1, z: -13.159576}
  - {x: 17.32189, y: -1, z: -13.159576}
  - {x: 15.32189, y: 1, z: -13.159576}
  - {x: 15.32189, y: -1, z: -13.159576}
  - {x: 17.32189, y: 1, z: -15.19162}
  - {x: 17.32189, y: -1, z: -15.19162}
  - {x: 15.32189, y: 1, z: -15.19162}
  - {x: 15.32189, y: -1, z: -15.19162}
  - {x: 17.32189, y: 1, z: -23.29547}
  - {x: 17.32189, y: -1, z: -23.29547}
  - {x: 15.32189, y: 1, z: -23.29547}
  - {x: 15.32189, y: -1, z: -23.29547}
  - {x: 17.32189, y: 1, z: -21.172077}
  - {x: 17.32189, y: -1, z: -21.172077}
  - {x: 15.32189, y: 1, z: -21.172077}
  - {x: 15.32189, y: -1, z: -21.172077}
  - {x: 13.205941, y: 1, z: 1}
  - {x: 13.205941, y: -1, z: 1}
  - {x: 13.205941, y: 1, z: -19.140034}
  - {x: 13.205941, y: -1, z: -19.140034}
  - {x: 13.205941, y: 1, z: -25.557283}
  - {x: 13.205941, y: -1, z: -25.557283}
  - {x: 13.205941, y: 1, z: -5.3130946}
  - {x: 13.205941, y: -1, z: -5.3130946}
  - {x: 13.205941, y: 1, z: -1.1576586}
  - {x: 13.205941, y: -1, z: -1.1576586}
  - {x: 13.205941, y: 1, z: -3.1897025}
  - {x: 13.205941, y: -1, z: -3.1897025}
  - {x: 13.205941, y: 1, z: -11.377206}
  - {x: 13.205941, y: -1, z: -11.377206}
  - {x: 13.205941, y: 1, z: -7.22177}
  - {x: 13.205941, y: -1, z: -7.22177}
  - {x: 13.205941, y: 1, z: -9.253814}
  - {x: 13.205941, y: -1, z: -9.253814}
  - {x: 13.205941, y: 1, z: -17.315012}
  - {x: 13.205941, y: -1, z: -17.315012}
  - {x: 13.205941, y: 1, z: -13.159576}
  - {x: 13.205941, y: -1, z: -13.159576}
  - {x: 13.205941, y: 1, z: -15.19162}
  - {x: 13.205941, y: -1, z: -15.19162}
  - {x: 13.205941, y: 1, z: -23.29547}
  - {x: 13.205941, y: -1, z: -23.29547}
  - {x: 13.205941, y: 1, z: -21.172077}
  - {x: 13.205941, y: -1, z: -21.172077}
  - {x: 11.127395, y: 1, z: 1}
  - {x: 11.127395, y: -1, z: 1}
  - {x: 9.127395, y: 1, z: 1}
  - {x: 9.127395, y: -1, z: 1}
  - {x: 11.127395, y: 1, z: -19.140034}
  - {x: 11.127395, y: -1, z: -19.140034}
  - {x: 9.127395, y: 1, z: -19.140034}
  - {x: 9.127395, y: -1, z: -19.140034}
  - {x: 11.127395, y: 1, z: -25.557283}
  - {x: 11.127395, y: -1, z: -25.557283}
  - {x: 9.127395, y: 1, z: -25.557283}
  - {x: 9.127395, y: -1, z: -25.557283}
  - {x: 11.127395, y: 1, z: -5.3130946}
  - {x: 11.127395, y: -1, z: -5.3130946}
  - {x: 9.127395, y: 1, z: -5.3130946}
  - {x: 9.127395, y: -1, z: -5.3130946}
  - {x: 11.127395, y: 1, z: -1.1576586}
  - {x: 11.127395, y: -1, z: -1.1576586}
  - {x: 9.127395, y: 1, z: -1.1576586}
  - {x: 9.127395, y: -1, z: -1.1576586}
  - {x: 11.127395, y: 1, z: -3.1897025}
  - {x: 11.127395, y: -1, z: -3.1897025}
  - {x: 9.127395, y: 1, z: -3.1897025}
  - {x: 9.127395, y: -1, z: -3.1897025}
  - {x: 11.127395, y: 1, z: -11.377206}
  - {x: 11.127395, y: -1, z: -11.377206}
  - {x: 9.127395, y: 1, z: -11.377206}
  - {x: 9.127395, y: -1, z: -11.377206}
  - {x: 11.127395, y: 1, z: -7.22177}
  - {x: 11.127395, y: -1, z: -7.22177}
  - {x: 9.127395, y: 1, z: -7.22177}
  - {x: 9.127395, y: -1, z: -7.22177}
  - {x: 11.127395, y: 1, z: -9.253814}
  - {x: 11.127395, y: -1, z: -9.253814}
  - {x: 9.127395, y: 1, z: -9.253814}
  - {x: 9.127395, y: -1, z: -9.253814}
  - {x: 11.127395, y: 1, z: -17.315012}
  - {x: 11.127395, y: -1, z: -17.315012}
  - {x: 9.127395, y: 1, z: -17.315012}
  - {x: 9.127395, y: -1, z: -17.315012}
  - {x: 11.127395, y: 1, z: -13.159576}
  - {x: 11.127395, y: -1, z: -13.159576}
  - {x: 9.127395, y: 1, z: -13.159576}
  - {x: 9.127395, y: -1, z: -13.159576}
  - {x: 11.127395, y: 1, z: -15.19162}
  - {x: 11.127395, y: -1, z: -15.19162}
  - {x: 9.127395, y: 1, z: -15.19162}
  - {x: 9.127395, y: -1, z: -15.19162}
  - {x: 11.127395, y: 1, z: -23.29547}
  - {x: 11.127395, y: -1, z: -23.29547}
  - {x: 9.127395, y: 1, z: -23.29547}
  - {x: 9.127395, y: -1, z: -23.29547}
  - {x: 11.127395, y: 1, z: -21.172077}
  - {x: 11.127395, y: -1, z: -21.172077}
  - {x: 9.127395, y: 1, z: -21.172077}
  - {x: 9.127395, y: -1, z: -21.172077}
  - {x: 7.011446, y: 1, z: 1}
  - {x: 7.011446, y: -1, z: 1}
  - {x: 7.011446, y: 1, z: -19.140034}
  - {x: 7.011446, y: -1, z: -19.140034}
  - {x: 7.011446, y: 1, z: -25.557283}
  - {x: 7.011446, y: -1, z: -25.557283}
  - {x: 7.011446, y: 1, z: -5.3130946}
  - {x: 7.011446, y: -1, z: -5.3130946}
  - {x: 7.011446, y: 1, z: -1.1576586}
  - {x: 7.011446, y: -1, z: -1.1576586}
  - {x: 7.011446, y: 1, z: -3.1897025}
  - {x: 7.011446, y: -1, z: -3.1897025}
  - {x: 7.011446, y: 1, z: -11.377206}
  - {x: 7.011446, y: -1, z: -11.377206}
  - {x: 7.011446, y: 1, z: -7.22177}
  - {x: 7.011446, y: -1, z: -7.22177}
  - {x: 7.011446, y: 1, z: -9.253814}
  - {x: 7.011446, y: -1, z: -9.253814}
  - {x: 7.011446, y: 1, z: -17.315012}
  - {x: 7.011446, y: -1, z: -17.315012}
  - {x: 7.011446, y: 1, z: -13.159576}
  - {x: 7.011446, y: -1, z: -13.159576}
  - {x: 7.011446, y: 1, z: -15.19162}
  - {x: 7.011446, y: -1, z: -15.19162}
  - {x: 7.011446, y: 1, z: -23.29547}
  - {x: 7.011446, y: -1, z: -23.29547}
  - {x: 7.011446, y: 1, z: -21.172077}
  - {x: 7.011446, y: -1, z: -21.172077}
  - {x: 5.1159487, y: 1, z: 1}
  - {x: 5.1159487, y: -1, z: 1}
  - {x: 3.115949, y: 1, z: 1}
  - {x: 3.115949, y: -1, z: 1}
  - {x: 5.1159487, y: 1, z: -19.140034}
  - {x: 5.1159487, y: -1, z: -19.140034}
  - {x: 3.115949, y: 1, z: -19.140034}
  - {x: 3.115949, y: -1, z: -19.140034}
  - {x: 5.1159487, y: 1, z: -25.557283}
  - {x: 5.1159487, y: -1, z: -25.557283}
  - {x: 3.115949, y: 1, z: -25.557283}
  - {x: 3.115949, y: -1, z: -25.557283}
  - {x: 5.1159487, y: 1, z: -5.3130946}
  - {x: 5.1159487, y: -1, z: -5.3130946}
  - {x: 3.115949, y: 1, z: -5.3130946}
  - {x: 3.115949, y: -1, z: -5.3130946}
  - {x: 5.1159487, y: 1, z: -1.1576586}
  - {x: 5.1159487, y: -1, z: -1.1576586}
  - {x: 3.115949, y: 1, z: -1.1576586}
  - {x: 3.115949, y: -1, z: -1.1576586}
  - {x: 5.1159487, y: 1, z: -3.1897025}
  - {x: 5.1159487, y: -1, z: -3.1897025}
  - {x: 3.115949, y: 1, z: -3.1897025}
  - {x: 3.115949, y: -1, z: -3.1897025}
  - {x: 5.1159487, y: 1, z: -11.377206}
  - {x: 5.1159487, y: -1, z: -11.377206}
  - {x: 3.115949, y: 1, z: -11.377206}
  - {x: 3.115949, y: -1, z: -11.377206}
  - {x: 5.1159487, y: 1, z: -7.22177}
  - {x: 5.1159487, y: -1, z: -7.22177}
  - {x: 3.115949, y: 1, z: -7.22177}
  - {x: 3.115949, y: -1, z: -7.22177}
  - {x: 5.1159487, y: 1, z: -9.253814}
  - {x: 5.1159487, y: -1, z: -9.253814}
  - {x: 3.115949, y: 1, z: -9.253814}
  - {x: 3.115949, y: -1, z: -9.253814}
  - {x: 5.1159487, y: 1, z: -17.315012}
  - {x: 5.1159487, y: -1, z: -17.315012}
  - {x: 3.115949, y: 1, z: -17.315012}
  - {x: 3.115949, y: -1, z: -17.315012}
  - {x: 5.1159487, y: 1, z: -13.159576}
  - {x: 5.1159487, y: -1, z: -13.159576}
  - {x: 3.115949, y: 1, z: -13.159576}
  - {x: 3.115949, y: -1, z: -13.159576}
  - {x: 5.1159487, y: 1, z: -15.19162}
  - {x: 5.1159487, y: -1, z: -15.19162}
  - {x: 3.115949, y: 1, z: -15.19162}
  - {x: 3.115949, y: -1, z: -15.19162}
  - {x: 5.1159487, y: 1, z: -23.29547}
  - {x: 5.1159487, y: -1, z: -23.29547}
  - {x: 3.115949, y: 1, z: -23.29547}
  - {x: 3.115949, y: -1, z: -23.29547}
  - {x: 5.1159487, y: 1, z: -21.172077}
  - {x: 5.1159487, y: -1, z: -21.172077}
  - {x: 3.115949, y: 1, z: -21.172077}
  - {x: 3.115949, y: -1, z: -21.172077}
  - {x: 1, y: 1, z: 1}
  - {x: 1, y: -1, z: 1}
  - {x: 1, y: 1, z: -19.140034}
  - {x: 1, y: -1, z: -19.140034}
  - {x: 1, y: 1, z: -25.557283}
  - {x: 1, y: -1, z: -25.557283}
  - {x: 1, y: 1, z: -5.3130946}
  - {x: 1, y: -1, z: -5.3130946}
  - {x: 1, y: 1, z: -1.1576586}
  - {x: 1, y: -1, z: -1.1576586}
  - {x: 1, y: 1, z: -3.1897025}
  - {x: 1, y: -1, z: -3.1897025}
  - {x: 1, y: 1, z: -11.377206}
  - {x: 1, y: -1, z: -11.377206}
  - {x: 1, y: 1, z: -7.22177}
  - {x: 1, y: -1, z: -7.22177}
  - {x: 1, y: 1, z: -9.253814}
  - {x: 1, y: -1, z: -9.253814}
  - {x: 1, y: 1, z: -17.315012}
  - {x: 1, y: -1, z: -17.315012}
  - {x: 1, y: 1, z: -13.159576}
  - {x: 1, y: -1, z: -13.159576}
  - {x: 1, y: 1, z: -15.19162}
  - {x: 1, y: -1, z: -15.19162}
  - {x: 1, y: 1, z: -23.29547}
  - {x: 1, y: -1, z: -23.29547}
  - {x: 1, y: 1, z: -21.172077}
  - {x: 1, y: -1, z: -21.172077}
  - {x: 21.333336, y: 4.762036, z: 1}
  - {x: 21.333336, y: 2.7620358, z: 1}
  - {x: 21.333336, y: 4.762036, z: -19.140034}
  - {x: 21.333336, y: 2.7620358, z: -19.140034}
  - {x: 21.333336, y: 4.762036, z: -25.557283}
  - {x: 21.333336, y: 2.7620358, z: -25.557283}
  - {x: 21.333336, y: 4.762036, z: -5.3130946}
  - {x: 21.333336, y: 2.7620358, z: -5.3130946}
  - {x: 21.333336, y: 4.762036, z: -1.1576586}
  - {x: 21.333336, y: 2.7620358, z: -1.1576586}
  - {x: 21.333336, y: 4.762036, z: -3.1897025}
  - {x: 21.333336, y: 2.7620358, z: -3.1897025}
  - {x: 21.333336, y: 4.762036, z: -11.377206}
  - {x: 21.333336, y: 2.7620358, z: -11.377206}
  - {x: 21.333336, y: 4.762036, z: -7.22177}
  - {x: 21.333336, y: 2.7620358, z: -7.22177}
  - {x: 21.333336, y: 4.762036, z: -9.253814}
  - {x: 21.333336, y: 2.7620358, z: -9.253814}
  - {x: 21.333336, y: 4.762036, z: -17.315012}
  - {x: 21.333336, y: 2.7620358, z: -17.315012}
  - {x: 21.333336, y: 4.762036, z: -13.159576}
  - {x: 21.333336, y: 2.7620358, z: -13.159576}
  - {x: 21.333336, y: 4.762036, z: -15.19162}
  - {x: 21.333336, y: 2.7620358, z: -15.19162}
  - {x: 21.333336, y: 4.762036, z: -23.29547}
  - {x: 21.333336, y: 2.7620358, z: -23.29547}
  - {x: 21.333336, y: 4.762036, z: -21.172077}
  - {x: 21.333336, y: 2.7620358, z: -21.172077}
  - {x: 19.217388, y: 4.762036, z: 1}
  - {x: 19.217388, y: 2.7620358, z: 1}
  - {x: -1.3419069, y: 4.762036, z: 1}
  - {x: -1.3419069, y: 2.7620358, z: 1}
  - {x: 19.217388, y: 4.762036, z: -19.140034}
  - {x: 19.217388, y: 2.7620358, z: -19.140034}
  - {x: -1.3419069, y: 4.762036, z: -19.140034}
  - {x: -1.3419069, y: 2.7620358, z: -19.140034}
  - {x: 19.217388, y: 4.762036, z: -25.557283}
  - {x: 19.217388, y: 2.7620358, z: -25.557283}
  - {x: -1.3419069, y: 4.762036, z: -25.557283}
  - {x: -1.3419069, y: 2.7620358, z: -25.557283}
  - {x: 19.217388, y: 4.762036, z: -5.3130946}
  - {x: 19.217388, y: 2.7620358, z: -5.3130946}
  - {x: -1.3419069, y: 4.762036, z: -5.3130946}
  - {x: -1.3419069, y: 2.7620358, z: -5.3130946}
  - {x: 19.217388, y: 4.762036, z: -1.1576586}
  - {x: 19.217388, y: 2.7620358, z: -1.1576586}
  - {x: -1.3419069, y: 4.762036, z: -1.1576586}
  - {x: -1.3419069, y: 2.7620358, z: -1.1576586}
  - {x: 19.217388, y: 4.762036, z: -3.1897025}
  - {x: 19.217388, y: 2.7620358, z: -3.1897025}
  - {x: -1.3419069, y: 4.762036, z: -3.1897025}
  - {x: -1.3419069, y: 2.7620358, z: -3.1897025}
  - {x: 19.217388, y: 4.762036, z: -11.377206}
  - {x: 19.217388, y: 2.7620358, z: -11.377206}
  - {x: -1.3419069, y: 4.762036, z: -11.377206}
  - {x: -1.3419069, y: 2.7620358, z: -11.377206}
  - {x: 19.217388, y: 4.762036, z: -7.22177}
  - {x: 19.217388, y: 2.7620358, z: -7.22177}
  - {x: -1.3419069, y: 4.762036, z: -7.22177}
  - {x: -1.3419069, y: 2.7620358, z: -7.22177}
  - {x: 19.217388, y: 4.762036, z: -9.253814}
  - {x: 19.217388, y: 2.7620358, z: -9.253814}
  - {x: -1.3419069, y: 4.762036, z: -9.253814}
  - {x: -1.3419069, y: 2.7620358, z: -9.253814}
  - {x: 19.217388, y: 4.762036, z: -17.315012}
  - {x: 19.217388, y: 2.7620358, z: -17.315012}
  - {x: -1.3419069, y: 4.762036, z: -17.315012}
  - {x: -1.3419069, y: 2.7620358, z: -17.315012}
  - {x: 19.217388, y: 4.762036, z: -13.159576}
  - {x: 19.217388, y: 2.7620358, z: -13.159576}
  - {x: -1.3419069, y: 4.762036, z: -13.159576}
  - {x: -1.3419069, y: 2.7620358, z: -13.159576}
  - {x: 19.217388, y: 4.762036, z: -15.19162}
  - {x: 19.217388, y: 2.7620358, z: -15.19162}
  - {x: -1.3419069, y: 4.762036, z: -15.19162}
  - {x: -1.3419069, y: 2.7620358, z: -15.19162}
  - {x: 19.217388, y: 4.762036, z: -23.29547}
  - {x: 19.217388, y: 2.7620358, z: -23.29547}
  - {x: -1.3419069, y: 4.762036, z: -23.29547}
  - {x: -1.3419069, y: 2.7620358, z: -23.29547}
  - {x: 19.217388, y: 4.762036, z: -21.172077}
  - {x: 19.217388, y: 2.7620358, z: -21.172077}
  - {x: -1.3419069, y: 4.762036, z: -21.172077}
  - {x: -1.3419069, y: 2.7620358, z: -21.172077}
  - {x: 17.32189, y: 4.762036, z: 1}
  - {x: 17.32189, y: 2.7620358, z: 1}
  - {x: 15.32189, y: 4.762036, z: 1}
  - {x: 15.32189, y: 2.7620358, z: 1}
  - {x: 17.32189, y: 4.762036, z: -19.140034}
  - {x: 17.32189, y: 2.7620358, z: -19.140034}
  - {x: 15.32189, y: 4.762036, z: -19.140034}
  - {x: 15.32189, y: 2.7620358, z: -19.140034}
  - {x: 17.32189, y: 4.762036, z: -25.557283}
  - {x: 17.32189, y: 2.7620358, z: -25.557283}
  - {x: 15.32189, y: 4.762036, z: -25.557283}
  - {x: 15.32189, y: 2.7620358, z: -25.557283}
  - {x: 17.32189, y: 4.762036, z: -5.3130946}
  - {x: 17.32189, y: 2.7620358, z: -5.3130946}
  - {x: 15.32189, y: 4.762036, z: -5.3130946}
  - {x: 15.32189, y: 2.7620358, z: -5.3130946}
  - {x: 17.32189, y: 4.762036, z: -1.1576586}
  - {x: 17.32189, y: 2.7620358, z: -1.1576586}
  - {x: 15.32189, y: 4.762036, z: -1.1576586}
  - {x: 15.32189, y: 2.7620358, z: -1.1576586}
  - {x: 17.32189, y: 4.762036, z: -3.1897025}
  - {x: 17.32189, y: 2.7620358, z: -3.1897025}
  - {x: 15.32189, y: 4.762036, z: -3.1897025}
  - {x: 15.32189, y: 2.7620358, z: -3.1897025}
  - {x: 17.32189, y: 4.762036, z: -11.377206}
  - {x: 17.32189, y: 2.7620358, z: -11.377206}
  - {x: 15.32189, y: 4.762036, z: -11.377206}
  - {x: 15.32189, y: 2.7620358, z: -11.377206}
  - {x: 17.32189, y: 4.762036, z: -7.22177}
  - {x: 17.32189, y: 2.7620358, z: -7.22177}
  - {x: 15.32189, y: 4.762036, z: -7.22177}
  - {x: 15.32189, y: 2.7620358, z: -7.22177}
  - {x: 17.32189, y: 4.762036, z: -9.253814}
  - {x: 17.32189, y: 2.7620358, z: -9.253814}
  - {x: 15.32189, y: 4.762036, z: -9.253814}
  - {x: 15.32189, y: 2.7620358, z: -9.253814}
  - {x: 17.32189, y: 4.762036, z: -17.315012}
  - {x: 17.32189, y: 2.7620358, z: -17.315012}
  - {x: 15.32189, y: 4.762036, z: -17.315012}
  - {x: 15.32189, y: 2.7620358, z: -17.315012}
  - {x: 17.32189, y: 4.762036, z: -13.159576}
  - {x: 17.32189, y: 2.7620358, z: -13.159576}
  - {x: 15.32189, y: 4.762036, z: -13.159576}
  - {x: 15.32189, y: 2.7620358, z: -13.159576}
  - {x: 17.32189, y: 4.762036, z: -15.19162}
  - {x: 17.32189, y: 2.7620358, z: -15.19162}
  - {x: 15.32189, y: 4.762036, z: -15.19162}
  - {x: 15.32189, y: 2.7620358, z: -15.19162}
  - {x: 17.32189, y: 4.762036, z: -23.29547}
  - {x: 17.32189, y: 2.7620358, z: -23.29547}
  - {x: 15.32189, y: 4.762036, z: -23.29547}
  - {x: 15.32189, y: 2.7620358, z: -23.29547}
  - {x: 17.32189, y: 4.762036, z: -21.172077}
  - {x: 17.32189, y: 2.7620358, z: -21.172077}
  - {x: 15.32189, y: 4.762036, z: -21.172077}
  - {x: 15.32189, y: 2.7620358, z: -21.172077}
  - {x: 13.205941, y: 4.762036, z: 1}
  - {x: 13.205941, y: 2.7620358, z: 1}
  - {x: 13.205941, y: 4.762036, z: -19.140034}
  - {x: 13.205941, y: 2.7620358, z: -19.140034}
  - {x: 13.205941, y: 4.762036, z: -25.557283}
  - {x: 13.205941, y: 2.7620358, z: -25.557283}
  - {x: 13.205941, y: 4.762036, z: -5.3130946}
  - {x: 13.205941, y: 2.7620358, z: -5.3130946}
  - {x: 13.205941, y: 4.762036, z: -1.1576586}
  - {x: 13.205941, y: 2.7620358, z: -1.1576586}
  - {x: 13.205941, y: 4.762036, z: -3.1897025}
  - {x: 13.205941, y: 2.7620358, z: -3.1897025}
  - {x: 13.205941, y: 4.762036, z: -11.377206}
  - {x: 13.205941, y: 2.7620358, z: -11.377206}
  - {x: 13.205941, y: 4.762036, z: -7.22177}
  - {x: 13.205941, y: 2.7620358, z: -7.22177}
  - {x: 13.205941, y: 4.762036, z: -9.253814}
  - {x: 13.205941, y: 2.7620358, z: -9.253814}
  - {x: 13.205941, y: 4.762036, z: -17.315012}
  - {x: 13.205941, y: 2.7620358, z: -17.315012}
  - {x: 13.205941, y: 4.762036, z: -13.159576}
  - {x: 13.205941, y: 2.7620358, z: -13.159576}
  - {x: 13.205941, y: 4.762036, z: -15.19162}
  - {x: 13.205941, y: 2.7620358, z: -15.19162}
  - {x: 13.205941, y: 4.762036, z: -23.29547}
  - {x: 13.205941, y: 2.7620358, z: -23.29547}
  - {x: 13.205941, y: 4.762036, z: -21.172077}
  - {x: 13.205941, y: 2.7620358, z: -21.172077}
  - {x: 11.127395, y: 4.762036, z: 1}
  - {x: 11.127395, y: 2.7620358, z: 1}
  - {x: 9.127395, y: 4.762036, z: 1}
  - {x: 9.127395, y: 2.7620358, z: 1}
  - {x: 11.127395, y: 4.762036, z: -19.140034}
  - {x: 11.127395, y: 2.7620358, z: -19.140034}
  - {x: 9.127395, y: 4.762036, z: -19.140034}
  - {x: 9.127395, y: 2.7620358, z: -19.140034}
  - {x: 11.127395, y: 4.762036, z: -25.557283}
  - {x: 11.127395, y: 2.7620358, z: -25.557283}
  - {x: 9.127395, y: 4.762036, z: -25.557283}
  - {x: 9.127395, y: 2.7620358, z: -25.557283}
  - {x: 11.127395, y: 4.762036, z: -5.3130946}
  - {x: 11.127395, y: 2.7620358, z: -5.3130946}
  - {x: 9.127395, y: 4.762036, z: -5.3130946}
  - {x: 9.127395, y: 2.7620358, z: -5.3130946}
  - {x: 11.127395, y: 4.762036, z: -1.1576586}
  - {x: 11.127395, y: 2.7620358, z: -1.1576586}
  - {x: 9.127395, y: 4.762036, z: -1.1576586}
  - {x: 9.127395, y: 2.7620358, z: -1.1576586}
  - {x: 11.127395, y: 4.762036, z: -3.1897025}
  - {x: 11.127395, y: 2.7620358, z: -3.1897025}
  - {x: 9.127395, y: 4.762036, z: -3.1897025}
  - {x: 9.127395, y: 2.7620358, z: -3.1897025}
  - {x: 11.127395, y: 4.762036, z: -11.377206}
  - {x: 11.127395, y: 2.7620358, z: -11.377206}
  - {x: 9.127395, y: 4.762036, z: -11.377206}
  - {x: 9.127395, y: 2.7620358, z: -11.377206}
  - {x: 11.127395, y: 4.762036, z: -7.22177}
  - {x: 11.127395, y: 2.7620358, z: -7.22177}
  - {x: 9.127395, y: 4.762036, z: -7.22177}
  - {x: 9.127395, y: 2.7620358, z: -7.22177}
  - {x: 11.127395, y: 4.762036, z: -9.253814}
  - {x: 11.127395, y: 2.7620358, z: -9.253814}
  - {x: 9.127395, y: 4.762036, z: -9.253814}
  - {x: 9.127395, y: 2.7620358, z: -9.253814}
  - {x: 11.127395, y: 4.762036, z: -17.315012}
  - {x: 11.127395, y: 2.7620358, z: -17.315012}
  - {x: 9.127395, y: 4.762036, z: -17.315012}
  - {x: 9.127395, y: 2.7620358, z: -17.315012}
  - {x: 11.127395, y: 4.762036, z: -13.159576}
  - {x: 11.127395, y: 2.7620358, z: -13.159576}
  - {x: 9.127395, y: 4.762036, z: -13.159576}
  - {x: 9.127395, y: 2.7620358, z: -13.159576}
  - {x: 11.127395, y: 4.762036, z: -15.19162}
  - {x: 11.127395, y: 2.7620358, z: -15.19162}
  - {x: 9.127395, y: 4.762036, z: -15.19162}
  - {x: 9.127395, y: 2.7620358, z: -15.19162}
  - {x: 11.127395, y: 4.762036, z: -23.29547}
  - {x: 11.127395, y: 2.7620358, z: -23.29547}
  - {x: 9.127395, y: 4.762036, z: -23.29547}
  - {x: 9.127395, y: 2.7620358, z: -23.29547}
  - {x: 11.127395, y: 4.762036, z: -21.172077}
  - {x: 11.127395, y: 2.7620358, z: -21.172077}
  - {x: 9.127395, y: 4.762036, z: -21.172077}
  - {x: 9.127395, y: 2.7620358, z: -21.172077}
  - {x: 7.011446, y: 4.762036, z: 1}
  - {x: 7.011446, y: 2.7620358, z: 1}
  - {x: 7.011446, y: 4.762036, z: -19.140034}
  - {x: 7.011446, y: 2.7620358, z: -19.140034}
  - {x: 7.011446, y: 4.762036, z: -25.557283}
  - {x: 7.011446, y: 2.7620358, z: -25.557283}
  - {x: 7.011446, y: 4.762036, z: -5.3130946}
  - {x: 7.011446, y: 2.7620358, z: -5.3130946}
  - {x: 7.011446, y: 4.762036, z: -1.1576586}
  - {x: 7.011446, y: 2.7620358, z: -1.1576586}
  - {x: 7.011446, y: 4.762036, z: -3.1897025}
  - {x: 7.011446, y: 2.7620358, z: -3.1897025}
  - {x: 7.011446, y: 4.762036, z: -11.377206}
  - {x: 7.011446, y: 2.7620358, z: -11.377206}
  - {x: 7.011446, y: 4.762036, z: -7.22177}
  - {x: 7.011446, y: 2.7620358, z: -7.22177}
  - {x: 7.011446, y: 4.762036, z: -9.253814}
  - {x: 7.011446, y: 2.7620358, z: -9.253814}
  - {x: 7.011446, y: 4.762036, z: -17.315012}
  - {x: 7.011446, y: 2.7620358, z: -17.315012}
  - {x: 7.011446, y: 4.762036, z: -13.159576}
  - {x: 7.011446, y: 2.7620358, z: -13.159576}
  - {x: 7.011446, y: 4.762036, z: -15.19162}
  - {x: 7.011446, y: 2.7620358, z: -15.19162}
  - {x: 7.011446, y: 4.762036, z: -23.29547}
  - {x: 7.011446, y: 2.7620358, z: -23.29547}
  - {x: 7.011446, y: 4.762036, z: -21.172077}
  - {x: 7.011446, y: 2.7620358, z: -21.172077}
  - {x: 5.1159487, y: 4.762036, z: 1}
  - {x: 5.1159487, y: 2.7620358, z: 1}
  - {x: 3.115949, y: 4.762036, z: 1}
  - {x: 3.115949, y: 2.7620358, z: 1}
  - {x: 5.1159487, y: 4.762036, z: -19.140034}
  - {x: 5.1159487, y: 2.7620358, z: -19.140034}
  - {x: 3.115949, y: 4.762036, z: -19.140034}
  - {x: 3.115949, y: 2.7620358, z: -19.140034}
  - {x: 5.1159487, y: 4.762036, z: -25.557283}
  - {x: 5.1159487, y: 2.7620358, z: -25.557283}
  - {x: 3.115949, y: 4.762036, z: -25.557283}
  - {x: 3.115949, y: 2.7620358, z: -25.557283}
  - {x: 5.1159487, y: 4.762036, z: -5.3130946}
  - {x: 5.1159487, y: 2.7620358, z: -5.3130946}
  - {x: 3.115949, y: 4.762036, z: -5.3130946}
  - {x: 3.115949, y: 2.7620358, z: -5.3130946}
  - {x: 5.1159487, y: 4.762036, z: -1.1576586}
  - {x: 5.1159487, y: 2.7620358, z: -1.1576586}
  - {x: 3.115949, y: 4.762036, z: -1.1576586}
  - {x: 3.115949, y: 2.7620358, z: -1.1576586}
  - {x: 5.1159487, y: 4.762036, z: -3.1897025}
  - {x: 5.1159487, y: 2.7620358, z: -3.1897025}
  - {x: 3.115949, y: 4.762036, z: -3.1897025}
  - {x: 3.115949, y: 2.7620358, z: -3.1897025}
  - {x: 5.1159487, y: 4.762036, z: -11.377206}
  - {x: 5.1159487, y: 2.7620358, z: -11.377206}
  - {x: 3.115949, y: 4.762036, z: -11.377206}
  - {x: 3.115949, y: 2.7620358, z: -11.377206}
  - {x: 5.1159487, y: 4.762036, z: -7.22177}
  - {x: 5.1159487, y: 2.7620358, z: -7.22177}
  - {x: 3.115949, y: 4.762036, z: -7.22177}
  - {x: 3.115949, y: 2.7620358, z: -7.22177}
  - {x: 5.1159487, y: 4.762036, z: -9.253814}
  - {x: 5.1159487, y: 2.7620358, z: -9.253814}
  - {x: 3.115949, y: 4.762036, z: -9.253814}
  - {x: 3.115949, y: 2.7620358, z: -9.253814}
  - {x: 5.1159487, y: 4.762036, z: -17.315012}
  - {x: 5.1159487, y: 2.7620358, z: -17.315012}
  - {x: 3.115949, y: 4.762036, z: -17.315012}
  - {x: 3.115949, y: 2.7620358, z: -17.315012}
  - {x: 5.1159487, y: 4.762036, z: -13.159576}
  - {x: 5.1159487, y: 2.7620358, z: -13.159576}
  - {x: 3.115949, y: 4.762036, z: -13.159576}
  - {x: 3.115949, y: 2.7620358, z: -13.159576}
  - {x: 5.1159487, y: 4.762036, z: -15.19162}
  - {x: 5.1159487, y: 2.7620358, z: -15.19162}
  - {x: 3.115949, y: 4.762036, z: -15.19162}
  - {x: 3.115949, y: 2.7620358, z: -15.19162}
  - {x: 5.1159487, y: 4.762036, z: -23.29547}
  - {x: 5.1159487, y: 2.7620358, z: -23.29547}
  - {x: 3.115949, y: 4.762036, z: -23.29547}
  - {x: 3.115949, y: 2.7620358, z: -23.29547}
  - {x: 5.1159487, y: 4.762036, z: -21.172077}
  - {x: 5.1159487, y: 2.7620358, z: -21.172077}
  - {x: 3.115949, y: 4.762036, z: -21.172077}
  - {x: 3.115949, y: 2.7620358, z: -21.172077}
  - {x: 1, y: 4.762036, z: 1}
  - {x: 1, y: 2.7620358, z: 1}
  - {x: 1, y: 4.762036, z: -19.140034}
  - {x: 1, y: 2.7620358, z: -19.140034}
  - {x: 1, y: 4.762036, z: -25.557283}
  - {x: 1, y: 2.7620358, z: -25.557283}
  - {x: 1, y: 4.762036, z: -5.3130946}
  - {x: 1, y: 2.7620358, z: -5.3130946}
  - {x: 1, y: 4.762036, z: -1.1576586}
  - {x: 1, y: 2.7620358, z: -1.1576586}
  - {x: 1, y: 4.762036, z: -3.1897025}
  - {x: 1, y: 2.7620358, z: -3.1897025}
  - {x: 1, y: 4.762036, z: -11.377206}
  - {x: 1, y: 2.7620358, z: -11.377206}
  - {x: 1, y: 4.762036, z: -7.22177}
  - {x: 1, y: 2.7620358, z: -7.22177}
  - {x: 1, y: 4.762036, z: -9.253814}
  - {x: 1, y: 2.7620358, z: -9.253814}
  - {x: 1, y: 4.762036, z: -17.315012}
  - {x: 1, y: 2.7620358, z: -17.315012}
  - {x: 1, y: 4.762036, z: -13.159576}
  - {x: 1, y: 2.7620358, z: -13.159576}
  - {x: 1, y: 4.762036, z: -15.19162}
  - {x: 1, y: 2.7620358, z: -15.19162}
  - {x: 1, y: 4.762036, z: -23.29547}
  - {x: 1, y: 2.7620358, z: -23.29547}
  - {x: 1, y: 4.762036, z: -21.172077}
  - {x: 1, y: 2.7620358, z: -21.172077}
  m_Dering: 1
--- !u!4 &610568843
Transform:
  m_ObjectHideFlags: 0
  m_CorrespondingSourceObject: {fileID: 0}
  m_PrefabInstance: {fileID: 0}
  m_PrefabAsset: {fileID: 0}
  m_GameObject: {fileID: 610568841}
  m_LocalRotation: {x: -0, y: -0, z: -0, w: 1}
  m_LocalPosition: {x: -15.838258, y: -3.9762392, z: 26.21189}
  m_LocalScale: {x: 1.5951, y: 1.5951, z: 1.5951}
  m_Children: []
  m_Father: {fileID: 1574606376}
  m_RootOrder: 0
  m_LocalEulerAnglesHint: {x: 0, y: 0, z: 0}
--- !u!1 &1339076954
GameObject:
  m_ObjectHideFlags: 0
  m_CorrespondingSourceObject: {fileID: 0}
  m_PrefabInstance: {fileID: 0}
  m_PrefabAsset: {fileID: 0}
  serializedVersion: 6
  m_Component:
  - component: {fileID: 1339076956}
  - component: {fileID: 1339076955}
  m_Layer: 0
  m_Name: Reflection Probe
  m_TagString: Untagged
  m_Icon: {fileID: 0}
  m_NavMeshLayer: 0
  m_StaticEditorFlags: 0
  m_IsActive: 1
--- !u!215 &1339076955
ReflectionProbe:
  m_ObjectHideFlags: 0
  m_CorrespondingSourceObject: {fileID: 0}
  m_PrefabInstance: {fileID: 0}
  m_PrefabAsset: {fileID: 0}
  m_GameObject: {fileID: 1339076954}
  m_Enabled: 1
  serializedVersion: 2
  m_Type: 0
  m_Mode: 0
  m_RefreshMode: 0
  m_TimeSlicingMode: 0
  m_Resolution: 128
  m_UpdateFrequency: 0
  m_BoxSize: {x: 37.73826, y: 24.684101, z: 43.871872}
  m_BoxOffset: {x: 0.8921547, y: 9.627852, z: 2.8833294}
  m_NearClip: 0.3
  m_FarClip: 1000
  m_ShadowDistance: 100
  m_ClearFlags: 1
  m_BackGroundColor: {r: 0.19215687, g: 0.3019608, b: 0.4745098, a: 0}
  m_CullingMask:
    serializedVersion: 2
    m_Bits: 4294967295
  m_IntensityMultiplier: 1
  m_BlendDistance: 1
  m_HDR: 1
  m_BoxProjection: 1
  m_RenderDynamicObjects: 0
  m_UseOcclusionCulling: 1
  m_Importance: 12
  m_CustomBakedTexture: {fileID: 0}
--- !u!4 &1339076956
Transform:
  m_ObjectHideFlags: 0
  m_CorrespondingSourceObject: {fileID: 0}
  m_PrefabInstance: {fileID: 0}
  m_PrefabAsset: {fileID: 0}
  m_GameObject: {fileID: 1339076954}
  m_LocalRotation: {x: -0, y: -0, z: -0, w: 1}
  m_LocalPosition: {x: -0.98863196, y: -3.1203208, z: 4.74189}
  m_LocalScale: {x: 1, y: 1, z: 1}
  m_Children: []
  m_Father: {fileID: 1574606376}
  m_RootOrder: 1
  m_LocalEulerAnglesHint: {x: 0, y: 0, z: 0}
--- !u!1 &1552705627
GameObject:
  m_ObjectHideFlags: 0
  m_CorrespondingSourceObject: {fileID: 0}
  m_PrefabInstance: {fileID: 0}
  m_PrefabAsset: {fileID: 0}
  serializedVersion: 6
  m_Component:
  - component: {fileID: 1552705629}
  - component: {fileID: 1552705628}
  m_Layer: 0
  m_Name: Directional Light
  m_TagString: Untagged
  m_Icon: {fileID: 0}
  m_NavMeshLayer: 0
  m_StaticEditorFlags: 4294967295
  m_IsActive: 0
--- !u!108 &1552705628
Light:
  m_ObjectHideFlags: 0
  m_CorrespondingSourceObject: {fileID: 0}
  m_PrefabInstance: {fileID: 0}
  m_PrefabAsset: {fileID: 0}
  m_GameObject: {fileID: 1552705627}
  m_Enabled: 1
  serializedVersion: 10
  m_Type: 1
  m_Shape: 0
  m_Color: {r: 1, g: 0.9820324, b: 0.9103774, a: 1}
  m_Intensity: 1.64
  m_Range: 10
  m_SpotAngle: 30
  m_InnerSpotAngle: 21.80208
  m_CookieSize: 10
  m_Shadows:
    m_Type: 2
    m_Resolution: -1
    m_CustomResolution: -1
    m_Strength: 1
    m_Bias: 0.05
    m_NormalBias: 0.4
    m_NearPlane: 0.2
    m_CullingMatrixOverride:
      e00: 1
      e01: 0
      e02: 0
      e03: 0
      e10: 0
      e11: 1
      e12: 0
      e13: 0
      e20: 0
      e21: 0
      e22: 1
      e23: 0
      e30: 0
      e31: 0
      e32: 0
      e33: 1
    m_UseCullingMatrixOverride: 0
  m_Cookie: {fileID: 0}
  m_DrawHalo: 0
  m_Flare: {fileID: 0}
  m_RenderMode: 0
  m_CullingMask:
    serializedVersion: 2
    m_Bits: 4294967295
  m_RenderingLayerMask: 1
  m_Lightmapping: 2
  m_LightShadowCasterMode: 0
  m_AreaSize: {x: 1, y: 1}
  m_BounceIntensity: 1.46
  m_ColorTemperature: 6570
  m_UseColorTemperature: 0
  m_BoundingSphereOverride: {x: 0, y: 0, z: 0, w: 0}
  m_UseBoundingSphereOverride: 0
  m_ShadowRadius: 0
  m_ShadowAngle: 0
--- !u!4 &1552705629
Transform:
  m_ObjectHideFlags: 0
  m_CorrespondingSourceObject: {fileID: 0}
  m_PrefabInstance: {fileID: 0}
  m_PrefabAsset: {fileID: 0}
  m_GameObject: {fileID: 1552705627}
  m_LocalRotation: {x: 0.2676753, y: -0.48720503, z: 0.41090178, w: 0.7225932}
  m_LocalPosition: {x: -0.08863199, y: -5.456239, z: 23.64189}
  m_LocalScale: {x: 1, y: 1, z: 1}
  m_Children: []
  m_Father: {fileID: 1574606376}
  m_RootOrder: 2
  m_LocalEulerAnglesHint: {x: 51.927002, y: -51.727, z: 32.684002}
--- !u!1 &1574606375
GameObject:
  m_ObjectHideFlags: 0
  m_CorrespondingSourceObject: {fileID: 0}
  m_PrefabInstance: {fileID: 0}
  m_PrefabAsset: {fileID: 0}
  serializedVersion: 6
  m_Component:
  - component: {fileID: 1574606376}
  m_Layer: 0
  m_Name: ILUMINACION
  m_TagString: Untagged
  m_Icon: {fileID: 0}
  m_NavMeshLayer: 0
  m_StaticEditorFlags: 0
  m_IsActive: 1
--- !u!4 &1574606376
Transform:
  m_ObjectHideFlags: 0
  m_CorrespondingSourceObject: {fileID: 0}
  m_PrefabInstance: {fileID: 0}
  m_PrefabAsset: {fileID: 0}
  m_GameObject: {fileID: 1574606375}
  m_LocalRotation: {x: 0, y: 0, z: 0, w: 1}
  m_LocalPosition: {x: 0.08863199, y: 5.456239, z: -23.64189}
  m_LocalScale: {x: 1, y: 1, z: 1}
  m_Children:
  - {fileID: 610568843}
  - {fileID: 1339076956}
  - {fileID: 1552705629}
  m_Father: {fileID: 0}
  m_RootOrder: 1
  m_LocalEulerAnglesHint: {x: 0, y: 0, z: 0}
--- !u!1001 &7518694715766702636
PrefabInstance:
  m_ObjectHideFlags: 0
  serializedVersion: 2
  m_Modification:
    m_TransformParent: {fileID: 0}
    m_Modifications:
    - target: {fileID: 92187898, guid: f98b60789117b1341b44795de3d39589, type: 3}
      propertyPath: m_IsActive
      value: 1
      objectReference: {fileID: 0}
    - target: {fileID: 92187898, guid: f98b60789117b1341b44795de3d39589, type: 3}
      propertyPath: m_StaticEditorFlags
      value: 0
      objectReference: {fileID: 0}
    - target: {fileID: 92187899, guid: f98b60789117b1341b44795de3d39589, type: 3}
      propertyPath: m_BounceIntensity
      value: 0.6
      objectReference: {fileID: 0}
    - target: {fileID: 92187899, guid: f98b60789117b1341b44795de3d39589, type: 3}
      propertyPath: m_Intensity
      value: 1.8
      objectReference: {fileID: 0}
    - target: {fileID: 92187899, guid: f98b60789117b1341b44795de3d39589, type: 3}
      propertyPath: m_BoundingSphereOverride.x
      value: 7.4e-43
      objectReference: {fileID: 0}
    - target: {fileID: 92187899, guid: f98b60789117b1341b44795de3d39589, type: 3}
      propertyPath: m_BoundingSphereOverride.y
      value: 1.4033e-41
      objectReference: {fileID: 0}
    - target: {fileID: 92187899, guid: f98b60789117b1341b44795de3d39589, type: 3}
      propertyPath: m_BoundingSphereOverride.w
      value: -6.3858845e-36
      objectReference: {fileID: 0}
    - target: {fileID: 92187899, guid: f98b60789117b1341b44795de3d39589, type: 3}
      propertyPath: m_BoundingSphereOverride.z
      value: 0
      objectReference: {fileID: 0}
    - target: {fileID: 92187899, guid: f98b60789117b1341b44795de3d39589, type: 3}
      propertyPath: m_SpotAngle
      value: 93
      objectReference: {fileID: 0}
    - target: {fileID: 92187899, guid: f98b60789117b1341b44795de3d39589, type: 3}
      propertyPath: m_Range
      value: 25.98
      objectReference: {fileID: 0}
    - target: {fileID: 92187899, guid: f98b60789117b1341b44795de3d39589, type: 3}
      propertyPath: m_Lightmapping
      value: 2
      objectReference: {fileID: 0}
    - target: {fileID: 92187899, guid: f98b60789117b1341b44795de3d39589, type: 3}
      propertyPath: m_Shadows.m_Type
      value: 2
      objectReference: {fileID: 0}
    - target: {fileID: 92187899, guid: f98b60789117b1341b44795de3d39589, type: 3}
      propertyPath: m_Shadows.m_Strength
      value: 1
      objectReference: {fileID: 0}
    - target: {fileID: 92187900, guid: f98b60789117b1341b44795de3d39589, type: 3}
      propertyPath: m_LocalPosition.y
      value: 16.84
      objectReference: {fileID: 0}
    - target: {fileID: 92187900, guid: f98b60789117b1341b44795de3d39589, type: 3}
      propertyPath: m_LocalPosition.z
      value: -7.529999
      objectReference: {fileID: 0}
    - target: {fileID: 269874460, guid: f98b60789117b1341b44795de3d39589, type: 3}
      propertyPath: m_IsActive
      value: 1
      objectReference: {fileID: 0}
    - target: {fileID: 269874460, guid: f98b60789117b1341b44795de3d39589, type: 3}
      propertyPath: m_StaticEditorFlags
      value: 0
      objectReference: {fileID: 0}
    - target: {fileID: 269874461, guid: f98b60789117b1341b44795de3d39589, type: 3}
      propertyPath: m_BounceIntensity
      value: 0.6
      objectReference: {fileID: 0}
    - target: {fileID: 269874461, guid: f98b60789117b1341b44795de3d39589, type: 3}
      propertyPath: m_Intensity
      value: 1.8
      objectReference: {fileID: 0}
    - target: {fileID: 269874461, guid: f98b60789117b1341b44795de3d39589, type: 3}
      propertyPath: m_BoundingSphereOverride.x
      value: 0
      objectReference: {fileID: 0}
    - target: {fileID: 269874461, guid: f98b60789117b1341b44795de3d39589, type: 3}
      propertyPath: m_BoundingSphereOverride.y
      value: 6.489658e-36
      objectReference: {fileID: 0}
    - target: {fileID: 269874461, guid: f98b60789117b1341b44795de3d39589, type: 3}
      propertyPath: m_BoundingSphereOverride.z
      value: 1.4e-44
      objectReference: {fileID: 0}
    - target: {fileID: 269874461, guid: f98b60789117b1341b44795de3d39589, type: 3}
      propertyPath: m_BoundingSphereOverride.w
      value: 2.3510647e-38
      objectReference: {fileID: 0}
    - target: {fileID: 269874461, guid: f98b60789117b1341b44795de3d39589, type: 3}
      propertyPath: m_SpotAngle
      value: 93
      objectReference: {fileID: 0}
    - target: {fileID: 269874461, guid: f98b60789117b1341b44795de3d39589, type: 3}
      propertyPath: m_Range
      value: 25.98
      objectReference: {fileID: 0}
    - target: {fileID: 269874461, guid: f98b60789117b1341b44795de3d39589, type: 3}
      propertyPath: m_Lightmapping
      value: 2
      objectReference: {fileID: 0}
    - target: {fileID: 269874461, guid: f98b60789117b1341b44795de3d39589, type: 3}
      propertyPath: m_Shadows.m_Type
      value: 2
      objectReference: {fileID: 0}
    - target: {fileID: 269874461, guid: f98b60789117b1341b44795de3d39589, type: 3}
      propertyPath: m_Shadows.m_Strength
      value: 1
      objectReference: {fileID: 0}
    - target: {fileID: 269874462, guid: f98b60789117b1341b44795de3d39589, type: 3}
      propertyPath: m_LocalPosition.y
      value: 16.84
      objectReference: {fileID: 0}
    - target: {fileID: 269874462, guid: f98b60789117b1341b44795de3d39589, type: 3}
      propertyPath: m_LocalPosition.z
      value: 10.4
      objectReference: {fileID: 0}
    - target: {fileID: 437973067, guid: f98b60789117b1341b44795de3d39589, type: 3}
      propertyPath: m_IsActive
      value: 1
      objectReference: {fileID: 0}
    - target: {fileID: 437973067, guid: f98b60789117b1341b44795de3d39589, type: 3}
      propertyPath: m_StaticEditorFlags
      value: 0
      objectReference: {fileID: 0}
    - target: {fileID: 437973068, guid: f98b60789117b1341b44795de3d39589, type: 3}
      propertyPath: m_BounceIntensity
      value: 0.6
      objectReference: {fileID: 0}
    - target: {fileID: 437973068, guid: f98b60789117b1341b44795de3d39589, type: 3}
      propertyPath: m_Intensity
      value: 1.8
      objectReference: {fileID: 0}
    - target: {fileID: 437973068, guid: f98b60789117b1341b44795de3d39589, type: 3}
      propertyPath: m_SpotAngle
      value: 93
      objectReference: {fileID: 0}
    - target: {fileID: 437973068, guid: f98b60789117b1341b44795de3d39589, type: 3}
      propertyPath: m_Range
      value: 25.98
      objectReference: {fileID: 0}
    - target: {fileID: 437973068, guid: f98b60789117b1341b44795de3d39589, type: 3}
      propertyPath: m_BoundingSphereOverride.x
      value: 7.4e-43
      objectReference: {fileID: 0}
    - target: {fileID: 437973068, guid: f98b60789117b1341b44795de3d39589, type: 3}
      propertyPath: m_BoundingSphereOverride.y
      value: 1.4033e-41
      objectReference: {fileID: 0}
    - target: {fileID: 437973068, guid: f98b60789117b1341b44795de3d39589, type: 3}
      propertyPath: m_BoundingSphereOverride.z
      value: 0
      objectReference: {fileID: 0}
    - target: {fileID: 437973068, guid: f98b60789117b1341b44795de3d39589, type: 3}
      propertyPath: m_BoundingSphereOverride.w
      value: -6.3858845e-36
      objectReference: {fileID: 0}
    - target: {fileID: 437973068, guid: f98b60789117b1341b44795de3d39589, type: 3}
      propertyPath: m_Lightmapping
      value: 2
      objectReference: {fileID: 0}
    - target: {fileID: 437973068, guid: f98b60789117b1341b44795de3d39589, type: 3}
      propertyPath: m_Shadows.m_Type
      value: 2
      objectReference: {fileID: 0}
    - target: {fileID: 437973068, guid: f98b60789117b1341b44795de3d39589, type: 3}
      propertyPath: m_Shadows.m_Strength
      value: 1
      objectReference: {fileID: 0}
    - target: {fileID: 437973069, guid: f98b60789117b1341b44795de3d39589, type: 3}
      propertyPath: m_LocalPosition.y
      value: 16.84
      objectReference: {fileID: 0}
    - target: {fileID: 437973069, guid: f98b60789117b1341b44795de3d39589, type: 3}
      propertyPath: m_LocalPosition.z
      value: -7.529999
      objectReference: {fileID: 0}
    - target: {fileID: 686547643, guid: f98b60789117b1341b44795de3d39589, type: 3}
      propertyPath: m_IsActive
      value: 0
      objectReference: {fileID: 0}
    - target: {fileID: 697233737, guid: f98b60789117b1341b44795de3d39589, type: 3}
      propertyPath: m_IsActive
      value: 1
      objectReference: {fileID: 0}
    - target: {fileID: 697233737, guid: f98b60789117b1341b44795de3d39589, type: 3}
      propertyPath: m_StaticEditorFlags
      value: 0
      objectReference: {fileID: 0}
    - target: {fileID: 697233738, guid: f98b60789117b1341b44795de3d39589, type: 3}
      propertyPath: m_BounceIntensity
      value: 0.6
      objectReference: {fileID: 0}
    - target: {fileID: 697233738, guid: f98b60789117b1341b44795de3d39589, type: 3}
      propertyPath: m_Intensity
      value: 1.8
      objectReference: {fileID: 0}
    - target: {fileID: 697233738, guid: f98b60789117b1341b44795de3d39589, type: 3}
      propertyPath: m_BoundingSphereOverride.x
      value: 10.867925
      objectReference: {fileID: 0}
    - target: {fileID: 697233738, guid: f98b60789117b1341b44795de3d39589, type: 3}
      propertyPath: m_BoundingSphereOverride.y
      value: 0
      objectReference: {fileID: 0}
    - target: {fileID: 697233738, guid: f98b60789117b1341b44795de3d39589, type: 3}
      propertyPath: m_BoundingSphereOverride.z
      value: 0
      objectReference: {fileID: 0}
    - target: {fileID: 697233738, guid: f98b60789117b1341b44795de3d39589, type: 3}
      propertyPath: m_BoundingSphereOverride.w
      value: -6.3858845e-36
      objectReference: {fileID: 0}
    - target: {fileID: 697233738, guid: f98b60789117b1341b44795de3d39589, type: 3}
      propertyPath: m_SpotAngle
      value: 93
      objectReference: {fileID: 0}
    - target: {fileID: 697233738, guid: f98b60789117b1341b44795de3d39589, type: 3}
      propertyPath: m_Range
      value: 25.98
      objectReference: {fileID: 0}
    - target: {fileID: 697233738, guid: f98b60789117b1341b44795de3d39589, type: 3}
      propertyPath: m_Lightmapping
      value: 2
      objectReference: {fileID: 0}
    - target: {fileID: 697233738, guid: f98b60789117b1341b44795de3d39589, type: 3}
      propertyPath: m_Shadows.m_Type
      value: 2
      objectReference: {fileID: 0}
    - target: {fileID: 697233738, guid: f98b60789117b1341b44795de3d39589, type: 3}
      propertyPath: m_Shadows.m_Strength
      value: 1
      objectReference: {fileID: 0}
    - target: {fileID: 697233738, guid: f98b60789117b1341b44795de3d39589, type: 3}
      propertyPath: m_Enabled
      value: 0
      objectReference: {fileID: 0}
    - target: {fileID: 697233739, guid: f98b60789117b1341b44795de3d39589, type: 3}
      propertyPath: m_LocalPosition.y
      value: 16.84
      objectReference: {fileID: 0}
    - target: {fileID: 810061013, guid: f98b60789117b1341b44795de3d39589, type: 3}
      propertyPath: m_IsActive
      value: 1
      objectReference: {fileID: 0}
    - target: {fileID: 810061013, guid: f98b60789117b1341b44795de3d39589, type: 3}
      propertyPath: m_StaticEditorFlags
      value: 0
      objectReference: {fileID: 0}
    - target: {fileID: 810061014, guid: f98b60789117b1341b44795de3d39589, type: 3}
      propertyPath: m_BounceIntensity
      value: 0.6
      objectReference: {fileID: 0}
    - target: {fileID: 810061014, guid: f98b60789117b1341b44795de3d39589, type: 3}
      propertyPath: m_Intensity
      value: 1.8
      objectReference: {fileID: 0}
    - target: {fileID: 810061014, guid: f98b60789117b1341b44795de3d39589, type: 3}
      propertyPath: m_BoundingSphereOverride.y
      value: -1630.1962
      objectReference: {fileID: 0}
    - target: {fileID: 810061014, guid: f98b60789117b1341b44795de3d39589, type: 3}
      propertyPath: m_BoundingSphereOverride.z
      value: -241756980
      objectReference: {fileID: 0}
    - target: {fileID: 810061014, guid: f98b60789117b1341b44795de3d39589, type: 3}
      propertyPath: m_BoundingSphereOverride.w
      value: -2.2686496e+23
      objectReference: {fileID: 0}
    - target: {fileID: 810061014, guid: f98b60789117b1341b44795de3d39589, type: 3}
      propertyPath: m_BoundingSphereOverride.x
      value: -7.429613e+20
      objectReference: {fileID: 0}
    - target: {fileID: 810061014, guid: f98b60789117b1341b44795de3d39589, type: 3}
      propertyPath: m_SpotAngle
      value: 93
      objectReference: {fileID: 0}
    - target: {fileID: 810061014, guid: f98b60789117b1341b44795de3d39589, type: 3}
      propertyPath: m_Range
      value: 25.98
      objectReference: {fileID: 0}
    - target: {fileID: 810061014, guid: f98b60789117b1341b44795de3d39589, type: 3}
      propertyPath: m_Lightmapping
      value: 2
      objectReference: {fileID: 0}
    - target: {fileID: 810061014, guid: f98b60789117b1341b44795de3d39589, type: 3}
      propertyPath: m_Shadows.m_Type
      value: 2
      objectReference: {fileID: 0}
    - target: {fileID: 810061014, guid: f98b60789117b1341b44795de3d39589, type: 3}
      propertyPath: m_Shadows.m_Strength
      value: 1
      objectReference: {fileID: 0}
    - target: {fileID: 810061014, guid: f98b60789117b1341b44795de3d39589, type: 3}
      propertyPath: m_Enabled
      value: 0
      objectReference: {fileID: 0}
    - target: {fileID: 810061015, guid: f98b60789117b1341b44795de3d39589, type: 3}
      propertyPath: m_LocalPosition.y
      value: 16.84
      objectReference: {fileID: 0}
    - target: {fileID: 1607769871, guid: f98b60789117b1341b44795de3d39589, type: 3}
      propertyPath: m_LocalPosition.y
      value: 2.59
      objectReference: {fileID: 0}
    - target: {fileID: 1785706158, guid: f98b60789117b1341b44795de3d39589, type: 3}
      propertyPath: m_IsActive
      value: 1
      objectReference: {fileID: 0}
    - target: {fileID: 1785706158, guid: f98b60789117b1341b44795de3d39589, type: 3}
      propertyPath: m_StaticEditorFlags
      value: 0
      objectReference: {fileID: 0}
    - target: {fileID: 1785706159, guid: f98b60789117b1341b44795de3d39589, type: 3}
      propertyPath: m_BounceIntensity
      value: 0.6
      objectReference: {fileID: 0}
    - target: {fileID: 1785706159, guid: f98b60789117b1341b44795de3d39589, type: 3}
      propertyPath: m_Intensity
      value: 1.8
      objectReference: {fileID: 0}
    - target: {fileID: 1785706159, guid: f98b60789117b1341b44795de3d39589, type: 3}
      propertyPath: m_BoundingSphereOverride.y
      value: -1630.1962
      objectReference: {fileID: 0}
    - target: {fileID: 1785706159, guid: f98b60789117b1341b44795de3d39589, type: 3}
      propertyPath: m_BoundingSphereOverride.z
      value: -241756980
      objectReference: {fileID: 0}
    - target: {fileID: 1785706159, guid: f98b60789117b1341b44795de3d39589, type: 3}
      propertyPath: m_BoundingSphereOverride.w
      value: -2.2686496e+23
      objectReference: {fileID: 0}
    - target: {fileID: 1785706159, guid: f98b60789117b1341b44795de3d39589, type: 3}
      propertyPath: m_BoundingSphereOverride.x
      value: -7.429613e+20
      objectReference: {fileID: 0}
    - target: {fileID: 1785706159, guid: f98b60789117b1341b44795de3d39589, type: 3}
      propertyPath: m_SpotAngle
      value: 93
      objectReference: {fileID: 0}
    - target: {fileID: 1785706159, guid: f98b60789117b1341b44795de3d39589, type: 3}
      propertyPath: m_Range
      value: 25.98
      objectReference: {fileID: 0}
    - target: {fileID: 1785706159, guid: f98b60789117b1341b44795de3d39589, type: 3}
      propertyPath: m_Lightmapping
      value: 2
      objectReference: {fileID: 0}
    - target: {fileID: 1785706159, guid: f98b60789117b1341b44795de3d39589, type: 3}
      propertyPath: m_Shadows.m_Type
      value: 2
      objectReference: {fileID: 0}
    - target: {fileID: 1785706159, guid: f98b60789117b1341b44795de3d39589, type: 3}
      propertyPath: m_Shadows.m_Strength
      value: 1
      objectReference: {fileID: 0}
    - target: {fileID: 1785706160, guid: f98b60789117b1341b44795de3d39589, type: 3}
      propertyPath: m_LocalPosition.y
      value: 16.84
      objectReference: {fileID: 0}
    - target: {fileID: 1785706160, guid: f98b60789117b1341b44795de3d39589, type: 3}
      propertyPath: m_LocalPosition.z
      value: 10.4
      objectReference: {fileID: 0}
    - target: {fileID: 1978813153554104945, guid: f98b60789117b1341b44795de3d39589,
        type: 3}
      propertyPath: m_Name
      value: Escenario optimizado
      objectReference: {fileID: 0}
    - target: {fileID: 1978813153554104945, guid: f98b60789117b1341b44795de3d39589,
        type: 3}
      propertyPath: m_IsActive
      value: 1
      objectReference: {fileID: 0}
    - target: {fileID: 3255383230301368418, guid: f98b60789117b1341b44795de3d39589,
        type: 3}
      propertyPath: m_LocalPosition.x
      value: 0
      objectReference: {fileID: 0}
    - target: {fileID: 3255383230301368418, guid: f98b60789117b1341b44795de3d39589,
        type: 3}
      propertyPath: m_LocalPosition.y
      value: 0
      objectReference: {fileID: 0}
    - target: {fileID: 3255383230301368418, guid: f98b60789117b1341b44795de3d39589,
        type: 3}
      propertyPath: m_LocalPosition.z
      value: 0
      objectReference: {fileID: 0}
    - target: {fileID: 3255383230301368418, guid: f98b60789117b1341b44795de3d39589,
        type: 3}
      propertyPath: m_LocalRotation.x
      value: -0
      objectReference: {fileID: 0}
    - target: {fileID: 3255383230301368418, guid: f98b60789117b1341b44795de3d39589,
        type: 3}
      propertyPath: m_LocalRotation.y
      value: -0
      objectReference: {fileID: 0}
    - target: {fileID: 3255383230301368418, guid: f98b60789117b1341b44795de3d39589,
        type: 3}
      propertyPath: m_LocalRotation.z
      value: -0
      objectReference: {fileID: 0}
    - target: {fileID: 3255383230301368418, guid: f98b60789117b1341b44795de3d39589,
        type: 3}
      propertyPath: m_LocalRotation.w
      value: 1
      objectReference: {fileID: 0}
    - target: {fileID: 3255383230301368418, guid: f98b60789117b1341b44795de3d39589,
        type: 3}
      propertyPath: m_RootOrder
      value: 0
      objectReference: {fileID: 0}
    - target: {fileID: 3255383230301368418, guid: f98b60789117b1341b44795de3d39589,
        type: 3}
      propertyPath: m_LocalEulerAnglesHint.x
      value: 0
      objectReference: {fileID: 0}
    - target: {fileID: 3255383230301368418, guid: f98b60789117b1341b44795de3d39589,
        type: 3}
      propertyPath: m_LocalEulerAnglesHint.y
      value: 0
      objectReference: {fileID: 0}
    - target: {fileID: 3255383230301368418, guid: f98b60789117b1341b44795de3d39589,
        type: 3}
      propertyPath: m_LocalEulerAnglesHint.z
      value: 0
      objectReference: {fileID: 0}
    - target: {fileID: 4217168723720277153, guid: f98b60789117b1341b44795de3d39589,
        type: 3}
      propertyPath: m_Materials.Array.data[0]
      value: 
      objectReference: {fileID: 2100000, guid: 536c548946e331840b6b3a8b620b8e36, type: 2}
    - target: {fileID: 7546132004831782207, guid: f98b60789117b1341b44795de3d39589,
        type: 3}
      propertyPath: m_IsActive
      value: 1
      objectReference: {fileID: 0}
    m_RemovedComponents: []
  m_SourcePrefab: {fileID: 100100000, guid: f98b60789117b1341b44795de3d39589, type: 3}
